
@article{koretz:1994,
  title={The Vemont portfolio assessment program: Findings and implications},
  author={Koretz, Daniel and Stecher, Brian and Klein, Stephen and McCaffrey, Daniel},
  journal={Educational Measurement: Issues and Practice},
  volume={13},
  number={3},
  pages={5--16},
  year={1994},
  publisher={Wiley Online Library}
}

@book{kolb:2014,
  title={Experiential learning: Experience as the source of learning and development},
  author={Kolb, David A},
  year={2014},
  publisher={FT press}
}

@book{borton:1970,
  author    = {Terry Borton}, 
  title     = {Reach, touch, teach},
  publisher = {McGraw Hill},
  year      = 1970
}


@article{lethbridge:2000,
  title={What knowledge is important to a software professional?},
  author={Lethbridge, Timothy C},
  journal={Computer},
  volume={33},
  number={5},
  pages={44--50},
  year={2000},
  publisher={IEEE}
}

@article{bloom:1956,
  title={Taxonomy of educational objectives: The classification of educational goals},
  author={Bloom, Benjamin Samuel},
  journal={Cognitive domain},
  year={1956},
  publisher={Longman}
}

@article{fry:1990,
  title={Implementation and evaluation of peer marking in higher education},
  author={Fry, Stuart A},
  journal={Assessment and evaluation in higher education},
  volume={15},
  number={3},
  pages={177--189},
  year={1990},
  publisher={Taylor \& Francis Group}
}

@article{gielen:2010,
  title={Improving the effectiveness of peer feedback for learning},
  author={Gielen, Sarah and Peeters, Elien and Dochy, Filip and Onghena, Patrick and Struyven, Katrien},
  journal={Learning and instruction},
  volume={20},
  number={4},
  pages={304--315},
  year={2010},
  publisher={Elsevier}
}
