
@article{michaelsen:1997,
  title={Designing effective group activities: Lessons for classroom teaching and faculty development},
  author={Michaelsen, Larry K and Fink, L Dee and Knight, Arietta},
  journal={To improve the academy},
  volume={16},
  number={1},
  pages={373--397},
  year={1997},
  publisher={Wiley Online Library}
}

@article{hedin:2005,
  title={Teaching extreme programming to large groups of students},
  author={Hedin, G{\"o}rel and Bendix, Lars and Magnusson, Boris},
  journal={Journal of Systems and Software},
  volume={74},
  number={2},
  pages={133--146},
  year={2005},
  publisher={Elsevier}
}


